<?xml version='1.0' encoding='UTF-8'?>
<record xmlns="http://www.loc.gov/MARC21/slim">
  <leader>01420cam a2200385 a 4500</leader>
  <controlfield tag="001">462738</controlfield>
  <controlfield tag="003">NjP</controlfield>
  <controlfield tag="005">20170605130743.0</controlfield>
  <controlfield tag="008">880822s1952    ua            000 1 ara d</controlfield>
  <datafield tag="024" ind1="7" ind2=" ">
    <subfield code="a">princeton_aco002780</subfield>
    <subfield code="2">local</subfield>
  </datafield>
  <datafield ind1=" " ind2=" " tag="035">
    <subfield code="a">(OCoLC)ocn175431811</subfield>
  </datafield>
  <datafield ind1=" " ind2=" " tag="035">
    <subfield code="a">(OCoLC)83719910</subfield>
  </datafield>
  <datafield ind1=" " ind2=" " tag="040">
    <subfield code="a">NjP</subfield>
    <subfield code="c">PUL</subfield>
    <subfield code="d">PUL</subfield>
  </datafield>
  <datafield ind1=" " ind2=" " tag="035">
    <subfield code="a">(OCoLC)175431811</subfield>
  </datafield>
  <datafield ind1=" " ind2=" " tag="035">
    <subfield code="a">(CStRLIN)NJPG88-B42219</subfield>
  </datafield>
  <datafield ind1=" " ind2=" " tag="035">
    <subfield code="9">ACD8394TS</subfield>
  </datafield>
  <datafield ind1=" " ind2=" " tag="035">
    <subfield code="a">(NjP)462738</subfield>
  </datafield>
  <datafield ind1=" " ind2=" " tag="041">
    <subfield code="a">ara</subfield>
    <subfield code="h">rus</subfield>
  </datafield>
  <datafield ind1=" " ind2=" " tag="043">
    <subfield code="a">e-ru---</subfield>
  </datafield>
  <datafield ind1=" " ind2=" " tag="079">
    <subfield code="a">ocm83719910</subfield>
  </datafield>
  <datafield ind1=" " ind2=" " tag="049">
    <subfield code="a">PULL</subfield>
  </datafield>
  <datafield ind1="1" ind2=" " tag="100">
    <subfield code="a">Dostoyevsky, Fyodor,</subfield>
    <subfield code="d">1821-1881.</subfield>
    <subfield code="0">http://id.loc.gov/authorities/names/n79029930</subfield>
  </datafield>
  <datafield ind1="1" ind2="0" tag="240">
    <subfield code="a">Bednye li︠u︡di.</subfield>
    <subfield code="l">Arabic</subfield>
  </datafield>
  <datafield ind1="1" ind2="3" tag="245">
    <subfield code="6">880-01</subfield>
    <subfield code="a">al-Masākīn /</subfield>
    <subfield code="c">Dustūyafskī ; tarjamat Ṣūfī ʻAbd Allāh.</subfield>
  </datafield>
  <datafield ind1=" " ind2=" " tag="260">
    <subfield code="6">880-02</subfield>
    <subfield code="a">[Cairo :</subfield>
    <subfield code="b">Dār Akhbār al-Yawm,]</subfield>
    <subfield code="c">1952.</subfield>
  </datafield>
  <datafield ind1=" " ind2=" " tag="300">
    <subfield code="a">162 p. ;</subfield>
    <subfield code="c">20 cm.</subfield>
  </datafield>
  <datafield ind1="0" ind2=" " tag="490">
    <subfield code="6">880-03</subfield>
    <subfield code="a">Kitāb al-yawm (3 Aghusṭus 1952)</subfield>
  </datafield>
  <datafield ind1=" " ind2=" " tag="500">
    <subfield code="a">Short stories.</subfield>
  </datafield>
  <datafield ind1=" " ind2="0" tag="651">
    <subfield code="a">Russia</subfield>
    <subfield code="x">Social life and customs</subfield>
    <subfield code="v">Fiction.</subfield>
    <subfield code="0">http://id.loc.gov/authorities/subjects/sh2008116778</subfield>
  </datafield>
  <datafield ind1="1" ind2="2" tag="880">
    <subfield code="6">245-01/r</subfield>
    <subfield code="a">المساكين /</subfield>
    <subfield code="c">دستويفسكي ؛ ترجمة صوفي عبد الله.</subfield>
  </datafield>
  <datafield ind1=" " ind2=" " tag="880">
    <subfield code="6">260-02/r</subfield>
    <subfield code="a">[Cairo :</subfield>
    <subfield code="b">دار اخبار اليوم،]</subfield>
    <subfield code="c">1952.</subfield>
  </datafield>
  <datafield ind1="0" ind2=" " tag="880">
    <subfield code="6">490-03/r</subfield>
    <subfield code="a">كتاب اليوم (3 اغسطس 1952)</subfield>
  </datafield>
  <datafield ind1=" " ind2=" " tag="998">
    <subfield code="a">10/13/88</subfield>
    <subfield code="s">9114</subfield>
    <subfield code="n">NjP</subfield>
    <subfield code="w">NJPG88B42219</subfield>
    <subfield code="d">08/22/88</subfield>
    <subfield code="c">KVV</subfield>
    <subfield code="b">GKD</subfield>
    <subfield code="i">881013</subfield>
    <subfield code="l">NJPG</subfield>
  </datafield>
  <datafield ind1=" " ind2=" " tag="911">
    <subfield code="a">19921028</subfield>
  </datafield>
  <datafield ind1=" " ind2=" " tag="912">
    <subfield code="a">19960319062610.0</subfield>
  </datafield>
  <datafield ind1=" " ind2=" " tag="994">
    <subfield code="a">C0</subfield>
    <subfield code="b">PUL</subfield>
  </datafield>
  <datafield ind1=" " ind2=" " tag="999">
    <subfield code="a">462738</subfield>
  </datafield>
  <datafield ind1="0" ind2="0" tag="852">
    <subfield code="0">503239</subfield>
    <subfield code="b">rcppa</subfield>
    <subfield code="t">1</subfield>
    <subfield code="h">PG3327</subfield>
    <subfield code="i">.A7B4</subfield>
    <subfield code="x">tr fr arab</subfield>
  </datafield>
  <datafield ind1=" " ind2=" " tag="959">
    <subfield code="a">2000-06-13 00:00:00 -0500</subfield>
  </datafield>
</record>
